@article{gibbons-GA,
 author = {Smith, Warren and Foster, Ian and Taylor, Valerie},
 title = {Predicting Application Run Times with Historical Information},
 journal = {J. Parallel Distrib. Comput.},
 issue_date = {September 2004},
 volume = {64},
 number = {9},
 month = sep,
 year = {2004},
 issn = {0743-7315},
 pages = {1007--1016},
 numpages = {10},
 url = {http://dx.doi.org/10.1016/j.jpdc.2004.06.008},
 doi = {10.1016/j.jpdc.2004.06.008},
 acmid = {1036014},
 publisher = {Academic Press, Inc.},
 address = {Orlando, FL, USA},
}
@inproceedings{OAR,
  title={A batch scheduler with high level components},
  author={Capit, Nicolas and Da Costa, Georges and Georgiou, Yiannis and Huard, Guillaume and Martin, Cyrille and Mouni{\'e}, Gr{\'e}gory and Neyron, Pierre and Richard, Olivier},
  booktitle={Cluster Computing and the Grid, 2005. CCGrid 2005. IEEE International Symposium on},
  volume={2},
  pages={776--783},
  year={2005},
  organization={IEEE}
}

@inproceedings{SLURM,
  title={SLURM: Simple linux utility for resource management},
  author={Yoo, Andy B and Jette, Morris A and Grondona, Mark},
  booktitle={Job Scheduling Strategies for Parallel Processing},
  pages={44--60},
  year={2003},
  organization={Springer}
}

@inproceedings{TORQUE,
 author = {Staples, Garrick},
 title = {TORQUE Resource Manager},
 booktitle = {Proceedings of the 2006 ACM/IEEE Conference on Supercomputing},
 series = {SC '06},
 year = {2006},
 isbn = {0-7695-2700-0},
 location = {Tampa, Florida},
 articleno = {8},
 doi = {10.1145/1188455.1188464},
 acmid = {1188464},
 publisher = {ACM},
 address = {New York, NY, USA},
}

@inproceedings{FCFS,
 author = {Schwiegelshohn, Uwe and Yahyapour, Ramin},
 title = {Analysis of First-come-first-serve Parallel Job Scheduling},
 booktitle = {Proceedings of the Ninth Annual ACM-SIAM Symposium on Discrete Algorithms},
 series = {SODA '98},
 year = {1998},
 isbn = {0-89871-410-9},
 location = {San Francisco, California, USA},
 pages = {629--638},
 numpages = {10},
 acmid = {315031},
 publisher = {Society for Industrial and Applied Mathematics},
 address = {Philadelphia, PA, USA},
}

[download]
@ARTICLE{interpret,
   author = {{Palczewska}, A. and {Palczewski}, J. and {Marchese Robinson}, R. and
	{Neagu}, D.},
    title = "{Interpreting random forest classification models using a feature contribution method}",
  journal = {ArXiv e-prints},
archivePrefix = "arXiv",
   eprint = {1312.1121},
 primaryClass = "cs.LG",
 keywords = {Computer Science - Learning, I.5.2, I.2.1, J.3},
     year = 2013,
    month = dec,
  adsnote = {Provided by the SAO/NASA Astrophysics Data System}
}

@article{scikit-learn,
 title={Scikit-learn: Machine Learning in {P}ython},
 author={Pedregosa, F. and Varoquaux, G. and Gramfort, A. and Michel, V.
         and Thirion, B. and Grisel, O. and Blondel, M. and Prettenhofer, P.
         and Weiss, R. and Dubourg, V. and Vanderplas, J. and Passos, A. and
         Cournapeau, D. and Brucher, M. and Perrot, M. and Duchesnay, E.},
 journal={Journal of Machine Learning Research},
 volume={12},
 pages={2825--2830},
 year={2011}
}

@book{decisiontrees,
  title={Classification and regression trees},
  author={Breiman, Leo and Friedman, Jerome and Stone, Charles J and Olshen, Richard A},
  year={1984},
  publisher={CRC press}
}

@article{rabiner,
  title={A tutorial on hidden Markov models and selected applications in speech recognition},
  author={Rabiner, Lawrence},
  journal={Proceedings of the IEEE},
  volume={77},
  number={2},
  pages={257--286},
  year={1989},
  publisher={IEEE}
}


@article{tsafir,
  title={Backfilling using system-generated predictions rather than user runtime estimates},
  author={Tsafrir, Dan and Etsion, Yoav and Feitelson, Dror G},
  journal={Parallel and Distributed Systems, IEEE Transactions on},
  volume={18},
  number={6},
  pages={789--803},
  year={2007},
  publisher={IEEE}
}


@article{cart,
  title={Classification and regression trees},
  author={Breiman, Leo and Friedman, Jerome H and Olshen, Richard A and Stone, Charles J},
  year={1998},
  publisher={CRC Press}
}

@article{kullback,
ajournal = "Ann. Math. Statist.",
author = "Kullback, S. and Leibler, R. A.",
doi = "10.1214/aoms/1177729694",
journal = "The Annals of Mathematical Statistics",
month = "03",
number = "1",
pages = "79--86",
publisher = "The Institute of Mathematical Statistics",
title = "On Information and Sufficiency",
volume = "22",
year = "1951"
}



@InBook { handbook-of-scheduling,
  author = {Dutot, Pierre-François and Mounié, Grégory and Trystram, Denis},
  title = {{H}andbook of {S}cheduling},
  chapter = {Scheduling Parallel Tasks - Approximation Algorithms},
  publisher = {CRC press},
  year = {2004},
  number = {26},
  edition = {Joseph Leung},
  pdf = {http://www-id.imag.fr/~pfdutot/publis/dmt_handbook04.pdf},
}

@article{randomforest,
year={2001},
issn={0885-6125},
journal={Machine Learning},
volume={45},
number={1},
doi={10.1023/A:1010933404324},
title={Random Forests},
publisher={Kluwer Academic Publishers},
keywords={classification; regression; ensemble},
author={Breiman, Leo},
pages={5-32},
language={English}
}

@MastersThesis{hmm,
    author     =     {Avi Nissimov},
    title     =     {{Locality and its usage in parallel job runtime distribution modeling using HMM}},
    school     =     {The Hebrew University},
    year     =     {2006},
    }
back

@incollection{gibbons,
year={1997},
isbn={978-3-540-63574-1},
booktitle={Job Scheduling Strategies for Parallel Processing},
volume={1291},
series={Lecture Notes in Computer Science},
editor={Feitelson, DrorG. and Rudolph, Larry},
doi={10.1007/3-540-63574-2_16},
title={A historical application profiler for use by parallel schedulers},
publisher={Springer Berlin Heidelberg},
author={Gibbons, Richard},
pages={58-77}
}

@article{backfilling,
 author = {Mu'alem, Ahuva W. and Feitelson, Dror G.},
 title = {Utilization, Predictability, Workloads, and User Runtime Estimates in Scheduling the IBM SP2 with Backfilling},
 journal = {IEEE Trans. Parallel Distrib. Syst.},
 issue_date = {June 2001},
 volume = {12},
 number = {6},
 month = jun,
 year = {2001},
 issn = {1045-9219},
 pages = {529--543},
 numpages = {15},
 doi = {10.1109/71.932708},
 acmid = {380315},
 publisher = {IEEE Press},
 address = {Piscataway, NJ, USA},
 keywords = {Parallel job scheduling, backfilling, runtime estimates, workload modeling, performance metrics.},
}

@article{workloadarchive,
    author = {Dror G. Feitelson and Dan Tsafrir and David Krakov},
    title = {Experience with the parallel workloads archive},
    year = {2012}
}

@article{simpy,
  title={SimPy: Simulating Systems in Python},
  author={Muller, K and Vignaux, Tony},
  journal={ONLamp. com Python Devcenter},
  year={2003}
}

@inproceedings{probabilistic-backfilling,
 author = {Nissimov, Avi and Feitelson, Dror G.},
 title = {Probabilistic Backfilling},
 booktitle = {Proceedings of the 13th International Conference on Job Scheduling Strategies for Parallel Processing},
 series = {JSSPP'07},
 year = {2008},
 isbn = {3-540-78698-8, 978-3-540-78698-6},
 location = {Seattle, WA, USA},
 pages = {102--115},
 numpages = {14},
 acmid = {1791557},
 publisher = {Springer-Verlag},
 address = {Berlin, Heidelberg},
}
@INPROCEEDINGS{predict-load,
author={Yuanyuan Zhang and Wei Sun and Yasushi Inoguchi},
booktitle={Grid Computing, 7th IEEE/ACM International Conference on},
title={Predicting Running Time of Grid Tasks based on CPU Load Predictions},
year={2006},
month={Sept},
pages={286-292},
keywords={grid computing;resource allocation;CPU load predictions;dynamic grid environment;grid tasks;running time prediction;time-shared resources;Grid computing;Information science;Large-scale systems;Load modeling;Prediction methods;Predictive models;Processor scheduling;Scheduling algorithm;Testing;Time measurement},
doi={10.1109/ICGRID.2006.311027},}
@INPROCEEDINGS{Schopf99usingstochastic,
    author = {Jennifer M. Schopf and Francine Berman and Jennifer M. Schopf and Francine Berman},
    title = {Using Stochastic Intervals to Predict Application Behavior on Contended Resources},
    booktitle = {Proceedings of ISPAN99},
    year = {1999},
    pages = {344--349}
}
@inproceedings{Nadeem:2009:PET:1654059.1654093,
 author = {Nadeem, Farrukh and Fahringer, Thomas},
 title = {Predicting the Execution Time of Grid Workflow Applications Through Local Learning},
 booktitle = {Proceedings of the Conference on High Performance Computing Networking, Storage and Analysis},
 series = {SC '09},
 year = {2009},
 isbn = {978-1-60558-744-8},
 location = {Portland, Oregon},
 pages = {33:1--33:12},
 articleno = {33},
 numpages = {12},
 url = {http://doi.acm.org/10.1145/1654059.1654093},
 doi = {10.1145/1654059.1654093},
 acmid = {1654093},
 publisher = {ACM},
 address = {New York, NY, USA},
}
@INPROCEEDINGS{6495803,
author={Miu, T. and Missier, P.},
booktitle={High Performance Computing, Networking, Storage and Analysis (SCC), 2012 SC Companion:},
title={Predicting the Execution Time of Workflow Activities Based on Their Input Features},
year={2012},
month={Nov},
pages={64-72},
keywords={cloud computing;computer aided instruction;decision trees;natural sciences computing;regression analysis;workflow management software;C4.5 decision tree;cloud resources;computationally expensive e-science algorithms;e-science predictability;e-science workflows;learning models;regression models;training execution time;workflow activity execution time prediction},
doi={10.1109/SC.Companion.2012.21},
}
@INPROCEEDINGS{ML-predictruntime-survey,
author={Matsunaga, A. and Fortes, J.},
booktitle={Cluster, Cloud and Grid Computing (CCGrid), 2010 10th IEEE/ACM International Conference on},
title={On the Use of Machine Learning to Predict the Time and Resources Consumed by Applications},
year={2010},
month={May},
pages={495-504},
keywords={Classification algorithms;Classification tree analysis;Cloud computing;Grid computing;Machine learning;Machine learning algorithms;Mesh generation;Prediction algorithms;Processor scheduling;Regression tree analysis;application resource usage;classifier tree;machine learning;regression},
doi={10.1109/CCGRID.2010.98},}
