@article{tsafir,
  title={Backfilling using system-generated predictions rather than user runtime estimates},
  author={Tsafrir, Dan and Etsion, Yoav and Feitelson, Dror G},
  journal={Parallel and Distributed Systems, IEEE Transactions on},
  volume={18},
  number={6},
  pages={789--803},
  year={2007},
  publisher={IEEE}
}


@article{cart,
  title={Classification and regression trees},
  author={Breiman, Leo and Friedman, Jerome H and Olshen, Richard A and Stone, Charles J},
  year={1998},
  publisher={CRC Press}
}

@article{kullback,
ajournal = "Ann. Math. Statist.",
author = "Kullback, S. and Leibler, R. A.",
doi = "10.1214/aoms/1177729694",
journal = "The Annals of Mathematical Statistics",
month = "03",
number = "1",
pages = "79--86",
publisher = "The Institute of Mathematical Statistics",
title = "On Information and Sufficiency",
url = "http://dx.doi.org/10.1214/aoms/1177729694",
volume = "22",
year = "1951"
}



@InBook { handbook-of-scheduling,
  author = {Dutot, Pierre-François and Mounié, Grégory and Trystram, Denis},
  title = {{H}andbook of {S}cheduling},
  chapter = {Scheduling Parallel Tasks - Approximation Algorithms},
  publisher = {CRC press},
  year = {2004},
  number = {26},
  edition = {Joseph Leung},
  pdf = {http://www-id.imag.fr/~pfdutot/publis/dmt_handbook04.pdf},
}

@article{randomforest,
year={2001},
issn={0885-6125},
journal={Machine Learning},
volume={45},
number={1},
doi={10.1023/A:1010933404324},
title={Random Forests},
url={http://dx.doi.org/10.1023/A%3A1010933404324},
publisher={Kluwer Academic Publishers},
keywords={classification; regression; ensemble},
author={Breiman, Leo},
pages={5-32},
language={English}
}

@MastersThesis{hmm,
    author     =     {Avi Nissimov},
    title     =     {{Locality and its usage in parallel job runtime distribution modeling using HMM}},
    school     =     {The Hebrew University},
    year     =     {2006},
    }
back

@incollection{gibbons,
year={1997},
isbn={978-3-540-63574-1},
booktitle={Job Scheduling Strategies for Parallel Processing},
volume={1291},
series={Lecture Notes in Computer Science},
editor={Feitelson, DrorG. and Rudolph, Larry},
doi={10.1007/3-540-63574-2_16},
title={A historical application profiler for use by parallel schedulers},
url={http://dx.doi.org/10.1007/3-540-63574-2_16},
publisher={Springer Berlin Heidelberg},
author={Gibbons, Richard},
pages={58-77}
}

@article{backfilling,
 author = {Mu'alem, Ahuva W. and Feitelson, Dror G.},
 title = {Utilization, Predictability, Workloads, and User Runtime Estimates in Scheduling the IBM SP2 with Backfilling},
 journal = {IEEE Trans. Parallel Distrib. Syst.},
 issue_date = {June 2001},
 volume = {12},
 number = {6},
 month = jun,
 year = {2001},
 issn = {1045-9219},
 pages = {529--543},
 numpages = {15},
 url = {http://dx.doi.org/10.1109/71.932708},
 doi = {10.1109/71.932708},
 acmid = {380315},
 publisher = {IEEE Press},
 address = {Piscataway, NJ, USA},
 keywords = {Parallel job scheduling, backfilling, runtime estimates, workload modeling, performance metrics.},
}

@MISC{workloadarchive:unsrt,
    author = {Dror G. Feitelson and Dan Tsafrir and David Krakov},
    title = {Experience with the parallel workloads archive},
    year = {2012}
}

@article{muller2003simpy,
  title={SimPy: Simulating Systems in Python},
  author={Muller, K and Vignaux, Tony},
  journal={ONLamp. com Python Devcenter},
  year={2003}
}

@inproceedings{probabilistic-backfilling,
 author = {Nissimov, Avi and Feitelson, Dror G.},
 title = {Probabilistic Backfilling},
 booktitle = {Proceedings of the 13th International Conference on Job Scheduling Strategies for Parallel Processing},
 series = {JSSPP'07},
 year = {2008},
 isbn = {3-540-78698-8, 978-3-540-78698-6},
 location = {Seattle, WA, USA},
 pages = {102--115},
 numpages = {14},
 url = {http://dl.acm.org/citation.cfm?id=1791551.1791557},
 acmid = {1791557},
 publisher = {Springer-Verlag},
 address = {Berlin, Heidelberg},
}
